<?xml version="1.0" encoding="UTF-8"?><record xmlns="http://www.loc.gov/MARC21/slim" xmlns:cinclude="http://apache.org/cocoon/include/1.0" xmlns:zs="http://www.loc.gov/zing/srw/">
  <leader>00562nz  a2200145n  4500</leader>
  <controlfield tag="001">no 97070168 </controlfield>
  <controlfield tag="003">DLC</controlfield>
  <controlfield tag="005">19971206051738.0</controlfield>
  <controlfield tag="008">971205n| acannaab|          |n aaa     c</controlfield>
  <datafield tag="010" ind1=" " ind2=" ">
    <subfield code="a">no 97070168 </subfield>
  </datafield>
  <datafield tag="035" ind1=" " ind2=" ">
    <subfield code="a">(OCoLC)oca04546434 </subfield>
  </datafield>
  <datafield tag="040" ind1=" " ind2=" ">
    <subfield code="a">FTaSU-L</subfield>
    <subfield code="c">FTaSU-L</subfield>
  </datafield>
  <datafield tag="100" ind1="1" ind2="0">
    <subfield code="a">Marzetti, Philip J.,</subfield>
    <subfield code="d">1950-</subfield>
  </datafield>
  <datafield tag="670" ind1=" " ind2=" ">
    <subfield code="a">Subchapter S, elections, c1980- :</subfield>
    <subfield code="b">t.p. (Philip J. Marzetti, Esquire; of Powell, Goldstein, Frazer and Murphy; Atlanta, Ga.)</subfield>
  </datafield>
  <datafield tag="670" ind1=" " ind2=" ">
    <subfield code="a">Martindale-Hubbell website, Dec. 4, 1997</subfield>
    <subfield code="b">(Paul, Hastings, Janofsky &amp; Walker LLP; Atlanta, Ga.; b. Dec. 21, 1950)</subfield>
  </datafield>
</record>